<?xml version="1.0" encoding="UTF-8"?><collection xmlns="http://www.loc.gov/MARC21/slim"><record><leader>00424nam--2200157-i-4500</leader><controlfield tag="001">000015998</controlfield><controlfield tag="002">20161230</controlfield><controlfield tag="005">20170114233715</controlfield><controlfield tag="008">060222s1000------------r-----000-0-eng-d</controlfield><datafield ind1=" " ind2=" " tag="080"><subfield code="a">541</subfield></datafield><datafield ind1=" " ind2=" " tag="245"><subfield code="a">Calcule si probleme in practica chimica. Editi a a II-a completata si imbunatatita</subfield></datafield><datafield ind1=" " ind2=" " tag="260"><subfield code="a">Bucuresti</subfield><subfield code="b">Editura Tehnica</subfield><subfield code="c">1969</subfield></datafield><datafield ind1=" " ind2=" " tag="300"><subfield code="a">414 p</subfield></datafield><datafield ind1=" " ind2=" " tag="700"><subfield code="a">Cerbu, A</subfield></datafield><datafield ind1=" " ind2=" " tag="852"><subfield code="a">76509</subfield></datafield><datafield ind1=" " ind2=" " tag="CAT"><subfield code="a">SYS</subfield><subfield code="c">20170114</subfield><subfield code="h">233715</subfield></datafield></record></collection>